@inproceedings{Tan_2025_Enola, series={ASPDAC ’25},
   title={Compilation for Dynamically Field-Programmable Qubit Arrays with Efficient and Provably Near-Optimal Scheduling},
   url={http://dx.doi.org/10.1145/3658617.3697778},
   DOI={10.1145/3658617.3697778},
   booktitle={Proceedings of the 30th Asia and South Pacific Design Automation Conference},
   publisher={ACM},
   author={Tan, Daniel Bochen and Lin, Wan-Hsuan and Cong, Jason},
   year={2025},
   month=jan, pages={921–929},
   collection={ASPDAC ’25} }
@article{Tan_2024,
   title={Compiling Quantum Circuits for Dynamically Field-Programmable Neutral Atoms Array Processors},
   volume={8},
   ISSN={2521-327X},
   url={http://dx.doi.org/10.22331/q-2024-03-14-1281},
   DOI={10.22331/q-2024-03-14-1281},
   journal={Quantum},
   publisher={Verein zur Forderung des Open Access Publizierens in den Quantenwissenschaften},
   author={Tan, Daniel Bochen and Bluvstein, Dolev and Lukin, Mikhail D. and Cong, Jason},
   year={2024},
   month=mar, pages={1281} }
@article{Schmid_2024_NeutralAtomBasics,
   title={Computational capabilities and compiler development for neutral atom quantum processors—connecting tool developers and hardware experts},
   volume={9},
   ISSN={2058-9565},
   url={http://dx.doi.org/10.1088/2058-9565/ad33ac},
   DOI={10.1088/2058-9565/ad33ac},
   number={3},
   journal={Quantum Science and Technology},
   publisher={IOP Publishing},
   author={Schmid, Ludwig and Locher, David F and Rispler, Manuel and Blatt, Sebastian and Zeiher, Johannes and Müller, Markus and Wille, Robert},
   year={2024},
   month=apr, pages={033001} }
@article{Henriet_2020,
   title={Quantum computing with neutral atoms},
   volume={4},
   ISSN={2521-327X},
   url={http://dx.doi.org/10.22331/q-2020-09-21-327},
   DOI={10.22331/q-2020-09-21-327},
   journal={Quantum},
   publisher={Verein zur Forderung des Open Access Publizierens in den Quantenwissenschaften},
   author={Henriet, Loïc and Beguin, Lucas and Signoles, Adrien and Lahaye, Thierry and Browaeys, Antoine and Reymond, Georges-Olivier and Jurczak, Christophe},
   year={2020},
   month=sep, pages={327} }
@article{Barenco_1995,
   title={Elementary gates for quantum computation},
   volume={52},
   ISSN={1094-1622},
   url={http://dx.doi.org/10.1103/PhysRevA.52.3457},
   DOI={10.1103/physreva.52.3457},
   number={5},
   journal={Physical Review A},
   publisher={American Physical Society (APS)},
   author={Barenco, Adriano and Bennett, Charles H. and Cleve, Richard and DiVincenzo, David P. and Margolus, Norman and Shor, Peter and Sleator, Tycho and Smolin, John A. and Weinfurter, Harald},
   year={1995},
   month=nov, pages={3457–3467} }
@book{nielsen00,
  added-at = {2010-06-22T17:54:31.000+0200},
  author = {Nielsen, Michael A. and Chuang, Isaac L.},
  biburl = {https://www.bibsonomy.org/bibtex/222bf6f3de23faf420214d738924ac21b/mcclung},
  interhash = {140ce4be72c2994b45286dbaa98d0bd3},
  intrahash = {22bf6f3de23faf420214d738924ac21b},
  keywords = {computing information quantum},
  publisher = {Cambridge University Press},
  timestamp = {2010-06-22T17:54:31.000+0200},
  title = {Quantum Computation and Quantum Information},
  year = 2000
}
@article{Wintersperger_2023,
   title={Neutral atom quantum computing hardware: performance and end-user perspective},
   volume={10},
   ISSN={2196-0763},
   url={http://dx.doi.org/10.1140/epjqt/s40507-023-00190-1},
   DOI={10.1140/epjqt/s40507-023-00190-1},
   number={1},
   journal={EPJ Quantum Technology},
   publisher={Springer Science and Business Media LLC},
   author={Wintersperger, Karen and Dommert, Florian and Ehmer, Thomas and Hoursanov, Andrey and Klepsch, Johannes and Mauerer, Wolfgang and Reuber, Georg and Strohm, Thomas and Yin, Ming and Luber, Sebastian},
   year={2023},
   month=aug }
@article{Huang_2020,
   title={Superconducting quantum computing: a review},
   volume={63},
   ISSN={1869-1919},
   url={http://dx.doi.org/10.1007/s11432-020-2881-9},
   DOI={10.1007/s11432-020-2881-9},
   number={8},
   journal={Science China Information Sciences},
   publisher={Springer Science and Business Media LLC},
   author={Huang, He-Liang and Wu, Dachao and Fan, Daojin and Zhu, Xiaobo},
   year={2020},
   month=jul }
@misc{romero2024photonicquantumcomputing,
      title={Photonic Quantum Computing}, 
      author={Jacquiline Romero and Gerard Milburn},
      year={2024},
      eprint={2404.03367},
      archivePrefix={arXiv},
      primaryClass={quant-ph},
      url={https://arxiv.org/abs/2404.03367}, 
}
@article{Lahtinen_2017,
   title={A Short Introduction to Topological Quantum Computation},
   volume={3},
   ISSN={2542-4653},
   url={http://dx.doi.org/10.21468/SciPostPhys.3.3.021},
   DOI={10.21468/scipostphys.3.3.021},
   number={3},
   journal={SciPost Physics},
   publisher={Stichting SciPost},
   author={Lahtinen, Ville and Pachos, Jiannis},
   year={2017},
   month=sep }
@article{Bruzewicz_2019,
   title={Trapped-ion quantum computing: Progress and challenges},
   volume={6},
   ISSN={1931-9401},
   url={http://dx.doi.org/10.1063/1.5088164},
   DOI={10.1063/1.5088164},
   number={2},
   journal={Applied Physics Reviews},
   publisher={AIP Publishing},
   author={Bruzewicz, Colin D. and Chiaverini, John and McConnell, Robert and Sage, Jeremy M.},
   year={2019},
   month=may }
@article{Zhang_2024,
   title={Ancilla-free scheme of deterministic topological quantum gates for Majorana qubits},
   volume={109},
   ISSN={2469-9969},
   url={http://dx.doi.org/10.1103/PhysRevB.109.165302},
   DOI={10.1103/physrevb.109.165302},
   number={16},
   journal={Physical Review B},
   publisher={American Physical Society (APS)},
   author={Zhang, Su-Qi and Hong, Jian-Song and Xue, Yuan and Luo, Xun-Jiang and Yu, Li-Wei and Liu, Xiong-Jun and Liu, Xin},
   year={2024},
   month=apr }
@mastersthesis{Philipp_Wondra_TUM_Thesis_for_Informatics.pdf,
	author = {Wondra, Philipp Wolfgang},
	title = {Neutral Atom Based Multi-Qubit-Gate Synthesis},
	year = {2024},
   school = {TU München},
   pages = {54},
   language = {en},
   abstract = {Neutral Atom Quantum Computers are a novel architecture within the field of quantum computing. These systems are based on neutral Rubidium, Strontium, or Caesium atoms, which are fixed in a specific arrangement using optical dipole traps [1]. With the help of laser pulses, the individual atoms can be precisely transferred to an electronically excited state. These states are known as Rydberg states and are characterized by a strong polarization, which allows them to interact with other atoms. This enables the realization of arbitrary computational operations and gates between two or more qubits. The ability to natively implement gates with more than two qubits is one of the major advantages of NAQC, as a three-qubit gate can often replace multiple two-qubit gates. This can significantly reduce both the circuit depth and the number of required pulses. Since each gate introduces an error rate into the system, this optimization also has a positive effect on the overall size of
 the achievable circuits and the expected error rate. The aim of this work is to quantify the performance gains from using multi-qubit gates. Furthermore, selected algorithms will be optimized using four-qubit gate synthesis.},
}
@article{Levine_2019,
   title={Parallel Implementation of High-Fidelity Multiqubit Gates with Neutral Atoms},
   volume={123},
   ISSN={1079-7114},
   url={http://dx.doi.org/10.1103/PhysRevLett.123.170503},
   DOI={10.1103/physrevlett.123.170503},
   number={17},
   journal={Physical Review Letters},
   publisher={American Physical Society (APS)},
   author={Levine, Harry and Keesling, Alexander and Semeghini, Giulia and Omran, Ahmed and Wang, Tout T. and Ebadi, Sepehr and Bernien, Hannes and Greiner, Markus and Vuletić, Vladan and Pichler, Hannes and Lukin, Mikhail D.},
   year={2019},
   month=oct }
@misc{Emil_Khusainov_Bachelor_GIT,
  author       = {Emil Khusainov},
  title        = {Tooling and Benchmarking of a Hardware-Agnostic Compilation Toolchain For Neutral-Atom Quantum Computers},
  year         = {2025},
  howpublished = {\url{https://github.com/i2-tum/Bachelor-Thesis-Emil-Khusainov}},
  note         = {GitHub repository},
  urldate      = {2025-06-28}
}
@misc{schmid2023hybridcircuitmappingleveraging,
      title={Hybrid Circuit Mapping: Leveraging the Full Spectrum of Computational Capabilities of Neutral Atom Quantum Computers}, 
      author={Ludwig Schmid and Sunghye Park and Seokhyeong Kang and Robert Wille},
      year={2023},
      eprint={2311.14164},
      archivePrefix={arXiv},
      primaryClass={quant-ph},
      url={https://arxiv.org/abs/2311.14164}, 
}
@misc{huang2025dasatomdivideandshuttleatomapproach,
      title={DasAtom: A Divide-and-Shuttle Atom Approach to Quantum Circuit Transformation}, 
      author={Yunqi Huang and Dingchao Gao and Shenggang Ying and Sanjiang Li},
      year={2025},
      eprint={2409.03185},
      archivePrefix={arXiv},
      primaryClass={quant-ph},
      url={https://arxiv.org/abs/2409.03185}, 
}
@ARTICLE{10082942,
  author={Li, Yongshang and Zhang, Yu and Chen, Mingyu and Li, Xiangyang and Xu, Peng},
  journal={IEEE Transactions on Computer-Aided Design of Integrated Circuits and Systems}, 
  title={Timing-Aware Qubit Mapping and Gate Scheduling Adapted to Neutral Atom Quantum Computing}, 
  year={2023},
  volume={42},
  number={11},
  pages={3768-3780},
  keywords={Qubit;Logic gates;Quantum computing;Quantum circuit;Hardware;Processor scheduling;Energy states;Neutral atom (NA);noisy intermediate quantum computers;parallelism;quantum compilation;quantum computing (QC);qubit mapping},
  doi={10.1109/TCAD.2023.3261244}}
@inproceedings{siraichi:hal-02316820,
  TITLE = {{Qubit allocation as a combination of subgraph isomorphism and token swapping}},
  AUTHOR = {Siraichi, Marcos Yukio and Santos, Vinicius Fernandes Dos and Collange, Caroline and Quint{\~a}o Pereira, Fernando Magno},
  URL = {https://inria.hal.science/hal-02316820},
  BOOKTITLE = {{OOPSLA}},
  ADDRESS = {Athens, Greece},
  VOLUME = {3},
  PAGES = {1-29},
  YEAR = {2019},
  MONTH = Oct,
  DOI = {10.1145/3360546},
  KEYWORDS = {Qubit allocation ; Graph isomorphism ; Token swapping ; Quantum computing},
  PDF = {https://inria.hal.science/hal-02316820v1/file/Siraichi_QubitAlloc_OOPSLA19.pdf},
  HAL_ID = {hal-02316820},
  HAL_VERSION = {v1},
}
@inproceedings{10.1145/3508352.3549394,
author = {Wu, Tsou-An and Jiang, Yun-Jhe and Fang, Shao-Yun},
title = {A Robust Quantum Layout Synthesis Algorithm with a Qubit Mapping Checker},
year = {2022},
isbn = {9781450392174},
publisher = {Association for Computing Machinery},
address = {New York, NY, USA},
url = {https://doi.org/10.1145/3508352.3549394},
doi = {10.1145/3508352.3549394},
abstract = {Layout synthesis in quantum circuits maps the logical qubits of a synthesized circuit onto the physical qubits of a hardware device (coupling graph) and complies with the hardware limitations. Existing studies on the problem usually suffer from intractable formulation complexity and thus prohibitively long runtimes. In this paper, we propose an efficient layout synthesizer by developing a satisfiability modulo theories (SMT)-based qubit mapping checker. The proposed qubit mapping checker can efficiently derive a SWAP-free solution if one exists. If no SWAP-free solution exists for a circuit, we propose a divide-and-conquer scheme that utilizes the checker to find SWAP-free sub-solutions for sub-circuits, and the overall solution is found by merging sub-solutions with SWAP insertion. Experimental results show that the proposed optimization flow can achieve more than 3000\texttimes{} runtime speedup over a state-of-the-art work to derive optimal solutions for a set of SWAP-free circuits. Moreover, for the other set of benchmark circuits requiring SWAP gates, our flow achieves more than 800\texttimes{} speedup and obtains near-optimal solutions with only 3\% SWAP overhead.},
booktitle = {Proceedings of the 41st IEEE/ACM International Conference on Computer-Aided Design},
articleno = {105},
numpages = {9},
location = {San Diego, California},
series = {ICCAD '22}
}
@misc{huang2024qubitmappingadaptivedivideandconquer,
      title={Qubit Mapping: The Adaptive Divide-and-Conquer Approach}, 
      author={Yunqi Huang and Xiangzhen Zhou and Fanxu Meng and Sanjiang Li},
      year={2024},
      eprint={2409.04752},
      archivePrefix={arXiv},
      primaryClass={quant-ph},
      url={https://arxiv.org/abs/2409.04752}, 
}
@misc{gao2025optimalcompilationstrategiesqft,
      title={Optimal Compilation Strategies for QFT Circuits in Neutral-Atom Quantum Computing}, 
      author={Dingchao Gao and Yongming Li and Shenggang Ying and Sanjiang Li},
      year={2025},
      eprint={2506.15116},
      archivePrefix={arXiv},
      primaryClass={quant-ph},
      url={https://arxiv.org/abs/2506.15116}, 
}
@article{article,
author = {Barde, Nilesh and THAKUR, Deepak and Bardapurkar, Pranav and Dalvi, Sanjaykumar},
year = {2011},
month = {07},
pages = {161-171},
title = {Consequences and Limitations of Conventional Computers and their Solutions through Quantum Computers},
volume = {10},
journal = {Leonardo Electronic Journal of Practices and Technologies}
}
@article{Markov_2014,
   title={Limits on fundamental limits to computation},
   volume={512},
   ISSN={1476-4687},
   url={http://dx.doi.org/10.1038/nature13570},
   DOI={10.1038/nature13570},
   number={7513},
   journal={Nature},
   publisher={Springer Science and Business Media LLC},
   author={Markov, Igor L.},
   year={2014},
   month=aug, pages={147–154} }
@article{Preskill_2018,
   title={Quantum Computing in the NISQ era and beyond},
   volume={2},
   ISSN={2521-327X},
   url={http://dx.doi.org/10.22331/q-2018-08-06-79},
   DOI={10.22331/q-2018-08-06-79},
   journal={Quantum},
   publisher={Verein zur Forderung des Open Access Publizierens in den Quantenwissenschaften},
   author={Preskill, John},
   year={2018},
   month=aug, pages={79} }
@misc{quera2023faulttolerant,
  title        = {Understanding Fault-Tolerant Quantum Computing},
  author       = {{QuEra Computing Inc.}},
  year         = {2023},
  month        = {nov},
  url          = {https://www.quera.com/blog-posts/understanding-fault-tolerant-quantum-computing},
  note         = {Accessed: 2025-07-10}
}
